<?xml version="1.0" encoding="UTF-8"?><collection xmlns="http://www.loc.gov/MARC21/slim"><record><leader>00517nam--2200181-i-4500</leader><controlfield tag="001">000016747</controlfield><controlfield tag="002">20161230</controlfield><controlfield tag="005">20161230201031</controlfield><controlfield tag="008">060222s1000------------r-----000-0-eng-d</controlfield><datafield ind1=" " ind2=" " tag="040"><subfield code="a">IFIN-HH</subfield></datafield><datafield ind1=" " ind2=" " tag="080"><subfield code="a">531.3</subfield></datafield><datafield ind1="1" ind2=" " tag="100"><subfield code="a">Ikegami, Giko</subfield></datafield><datafield ind1="1" ind2="0" tag="245"><subfield code="a">Vol. 1. DYNAMICAL SYSTEMS AND SINGULAR PHENOMENA</subfield><subfield code="c">Giko Ikegami (Ed.)</subfield></datafield><datafield ind1=" " ind2=" " tag="260"><subfield code="a">Singapore, World Scientific, 1986</subfield></datafield><datafield ind1=" " ind2=" " tag="300"><subfield code="a">267 p</subfield></datafield><datafield ind1=" " ind2=" " tag="490"><subfield code="a">World Scientific Advanced Series In Dynamical Systems</subfield></datafield><datafield ind1=" " ind2=" " tag="852"><subfield code="a">74727</subfield><subfield code="c">531</subfield></datafield><datafield ind1=" " ind2=" " tag="CAT"><subfield code="a">Sys</subfield><subfield code="c">20100702</subfield><subfield code="h">111841</subfield></datafield></record></collection>